@phdthesis{Fabien,
  author       = {Fabien Caleyron},
  title        = {Simulation numérique par la méthode SPH de fuites de fluide consécutives à la déchirure d’un réservoir sous impact},
  school       = {INSA de Lyon},
  year         = {2011},
  type         = {Autre},
  language     = {Français},
  note         = {NNT : 2011ISAL0103. tel-00711040},
  url          = {https://theses.hal.science/tel-00711040}
}

@article{lucy,
  title={A numerical approach to the testing of the fission hypothesis},
  author={Lucy, L.B.},
  journal={Astronomical Journal},
  volume={82},
  pages={1013--1024},
  year={1977}
}

@article{gingold,
  title={Smoothed Particle Hydrodynamics: theory and application to non-spherical stars},
  author={Gingold, R.A. and Monaghan, J.J.},
  journal={Monthly Notices of the Royal Astronomical Society},
  volume={181},
  pages={375--389},
  year={1977}
}

@phdthesis{Alban,
  title={Améliorations de la précision et de la modélisation de la tension de surface au sein de la méthode SPH, et simulations de cas d’amerrissage d’urgence d’hélicoptères},
  author={Vergnaud, Alban},
  school={École centrale de Nantes},
  year={2020},
  type={Mécanique des fluides [physics.class-ph]},
  note={Français. ffNNT: 2020ECDN0033ff. fftel-03185147f}
}
@mastersthesis{Marcus,
  title={Simulation and Rendering of a Viscous Fluid using Smoothed Particle Hydrodynamics},
  author={Vesterlund, Marcus},
  school={Unknown},
  year={2004},
  month={December 3},
}
@misc{W,
  author={Jlcercos},
  title={Figure},
  howpublished={\url{https://commons.wikimedia.org/w/index.php?curid=70225405}},
  year={2018},
  note={Travail personnel, CC BY-SA 4.0}
}
@article{Shadloo,
  title={Smoothed particle hydrodynamics method for fluid flows, towards industrial applications: Motivations, current state, and challenges},
  author={Shadloo, M. S. and Oger, G. and Le Touzé, D.},
  journal={Computers and Fluids},
  volume={136},
  pages={11--34},
  year={2016},
  doi={10.1016/j.compfluid.2016.05.029}
}
@article{Adam,
  title={A generalized wall boundary condition for smoothed particle hydrodynamics},
  author={Adami, S. and Hu, X. Y. and Adams, N. A.},
  journal={Journal of Computational Physics},
  volume={231},
  number={21},
  pages={7057--7075},
  year={2012},
  doi={10.1016/j.jcp.2012.05.005},
  bibcode={2012JCoPh.231.7057A}
}
@article{Kostorz,
  title={A semi-analytical boundary integral method for radial functions with application to Smoothed Particle Hydrodynamics},
  author={Kostorz},
  journal={Journal of Computational Physics},
  volume={417},
  year={2020},
  doi={10.1016/j.jcp.2020.109565}
}
@book{Kruger,
  title={The lattice Boltzmann method},
  author={Kr{\"u}ger, Timm and et al.},
  year={2017},
  publisher={Springer International Publishing},
  pages={978--3},
  volume={10}
}

@misc{Krueger2,
  title={Introduction to Lattice Boltzmann Method},
  author={Kr{\"u}ger, Timm},
  year={2021},
  howpublished={\url{https://www.youtube.com/watch?v=jfk4feD7rFQ}},
  note={ESPResSo Simulation Package}
}
@article{Hardy,
  title={Time evolution of a two-dimensional classical lattice system},
  author={Hardy, J. and Pomeau, Y. and de Pazzis, O.},
  journal={Physical Review Letters},
  volume={31},
  pages={276--279},
  year={1973}
}
@article{Frisch,
  title={Lattice-gas automata for the Navier-Stokes equation},
  author={Frisch, U. and Hasslacher, B. and Pomeau, Y.},
  journal={Physical Review Letters},
  volume={56},
  number={14},
  pages={1505--1508},
  year={1986},
  doi={10.1103/PhysRevLett.56.1505},
  bibcode={1986PhRvL..56.1505F},
  PMID={10032689}
}
@article{McMamara,
  title={Use of a Boltzmann equation to simulate lattice-gas automata},
  author={McNamara, G. and Zanetti, G.},
  journal={Physical Review Letters},
  volume={61},
  pages={2332},
  year={1988}
}
@article{Higuera,
  title={Boltzmann approach to lattice gas simulations},
  author={Higuera, F. and Jimenez, J.},
  journal={Europhysics Letters},
  volume={9},
  pages={663--668},
  year={1989}
}
@article{Bhatnagar,
  title={A model for collision processes in gases. I. Small amplitude processes in charged and neutral one-component systems},
  author={Bhatnagar, P.L. and Gross, E.P. and Krook, M.},
  journal={Physical Review},
  volume={94},
  pages={511--525},
  year={1954}
}
@article{Koelman,
  title={A simple lattice Boltzmann scheme for Navier--Stokes fluid flow},
  author={Koelman, J.M.V.A.},
  journal={Europhysics Letters},
  volume={15},
  pages={603--607},
  year={1991}
}
@article{Chen,
  title={Lattice Boltzmann model for simulation of magnetohydrodynamics},
  author={Chen, S. and Chen, H. and Martinez, D. and Matthaeus, W.},
  journal={Physical Review Letters},
  volume={67},
  pages={3776--3780},
  year={1991}
}

