@phdthesis{Fabien,
  author       = {Fabien Caleyron},
  title        = {Simulation numérique par la méthode SPH de fuites de fluide consécutives à la déchirure d’un réservoir sous impact},
  school       = {INSA de Lyon},
  year         = {2011},
  type         = {Autre},
  language     = {Français},
  note         = {NNT : 2011ISAL0103. tel-00711040},
  url          = {https://theses.hal.science/tel-00711040}
}

@article{lucy,
  title={A numerical approach to the testing of the fission hypothesis},
  author={Lucy, L.B.},
  journal={Astronomical Journal},
  volume={82},
  pages={1013--1024},
  year={1977}
}

@article{gingold,
  title={Smoothed Particle Hydrodynamics: theory and application to non-spherical stars},
  author={Gingold, R.A. and Monaghan, J.J.},
  journal={Monthly Notices of the Royal Astronomical Society},
  volume={181},
  pages={375--389},
  year={1977}
}

@phdthesis{Alban,
  title={Améliorations de la précision et de la modélisation de la tension de surface au sein de la méthode SPH, et simulations de cas d’amerrissage d’urgence d’hélicoptères},
  author={Vergnaud, Alban},
  school={École centrale de Nantes},
  year={2020},
  type={Mécanique des fluides [physics.class-ph]},
  note={Français. ffNNT: 2020ECDN0033ff. fftel-03185147f}
}
@mastersthesis{Marcus,
  title={Simulation and Rendering of a Viscous Fluid using Smoothed Particle Hydrodynamics},
  author={Vesterlund, Marcus},
  school={Unknown},
  year={2004},
  month={December 3},
}

